@book{Kasiski1863,
	author={Kasiski, Friedrich W},
	title={Die Geheimschriften und die Dechiffrirkunst},
	year={1863},
	publisher={Mittler und Sohn}
}

@inproceedings{Matsui1994,
	author = {Matsui, Mitsuru},
	title = {Linear Cryptanalysis Method for DES Cipher},
	booktitle = {Advances in Cryptology --- Proceedings of EUROCRYPT '93},
	publisher = {Springer LNCS},
	year = 1994,
	pages = {386--397},
	note = {\url{http://math.boisestate.edu/~liljanab/Math509Spring10/matsui_des.pdf}}
}

@inproceedings{Canetti2001, 
	author = {Canetti, R.}, 
	booktitle = {Foundations of Computer Science, 2001. Proceedings. 42nd IEEE Symposium on}, 
	title = {Universally composable security: a new paradigm for cryptographic protocols}, 
	year = {2001}, 
	month = oct, 
	pages = {136-145}, 
	doi = {10.1109/SFCS.2001.959888}
}

incollection{Karp1972,
	year={1972},
	isbn={978-1-4684-2003-6},
	booktitle={Complexity of Computer Computations},
	series={The IBM Research Symposia Series},
	editor={Miller, Raymond E. and Thatcher, James W. and Bohlinger, Jean D.},
	doi={10.1007/978-1-4684-2001-2_9},
	title={Reducibility among Combinatorial Problems},
	note={\url{http://dx.doi.org/10.1007/978-1-4684-2001-2_9}},
	publisher={Springer US},
	author={Karp, Richard M.},
	pages={85-103},
	language={English}
}

@incollection{Pedersen1992,
	year={1992},
	isbn={978-3-540-55188-1},
	booktitle={Advances in Cryptology — CRYPTO ’91},
	volume={576},
	series={Lecture Notes in Computer Science},
	editor={Feigenbaum, Joan},
	doi={10.1007/3-540-46766-1_9},
	title={Non-Interactive and Information-Theoretic Secure Verifiable Secret Sharing},
	note={\url{http://dx.doi.org/10.1007/3-540-46766-1_9}},
	publisher={Springer Berlin Heidelberg},
	author={Pedersen, Torben Pryds},
	pages={129-140},
	language={English}
}

@article{Kerckhoffs1883,
	author={Auguste Kerckhoffs},
	title={La Cryptographie Militairese},
	month=jan,
	year={1883},
	journal={Journal des Sciences Militaires},
	volume={9},
	pages={5--38}
}

@article{Stockmeyer1973,
	author = {Stockmeyer, Larry},
	title = {Planar 3-colorability is Polynomial Complete},
	journal = {SIGACT News},
	issue_date = {July 1973},
	volume = {5},
	number = {3},
	month = jul,
	year = {1973},
	issn = {0163-5700},
	pages = {19--25},
	numpages = {7},
	note = {\url{http://doi.acm.org/10.1145/1008293.1008294}},
	doi = {10.1145/1008293.1008294},
	acmid = {1008294},
	publisher = {ACM},
	address = {New York, NY, USA}
} 

@article{Canetti2010,
	title={Universally Composable Symbolic Analysis of Diffie-Hellman based Key Exchange.},
	author={Canetti, Ran and Gajek, Sebastian},
	journal={IACR Cryptology ePrint Archive},
	volume={2010},
	pages={303},
	year={2010}
}

@article{Goldwasser1984,
	title = "Probabilistic encryption ",
	journal = "Journal of Computer and System Sciences ",
	volume = "28",
	number = "2",
	pages = "270 - 299",
	year = "1984",
	issn = "0022-0000",
	doi = "http://dx.doi.org/10.1016/0022-0000(84)90070-9",
	note = "\url{http://www.sciencedirect.com/science/article/pii/0022000084900709}",
	author = "Shafi Goldwasser and Silvio Micali"
}

@article{Shannon1949,
	title = {Communication theory of secrecy systems*},
	author = {Shannon, Claude E},
	journal = {Bell system technical journal},
	volume = {28},
	number = {4},
	pages = {656--715},
	year = {1949},
	publisher = {Wiley Online Library},
	note = "\url{http://netlab.cs.ucla.edu/wiki/files/shannon1949.pdf}"
}

@article{Coppersmith1994,
	title = {The Data Encryption Standard (DES) and its strength against attacks},
	author = {Coppersmith, Don},
	journal = {IBM Journal of Research and Development},
	volume = {38},
	number = {3},
	pages = {243--250},
	month = may,
	year = {1994},
	publisher = {IBM},
	note = {\url{http://simson.net/ref/1994/coppersmith94.pdf}}
}

@techreport{NIST_TDEA2012,
	author = {C. Barker, William and Barker, Elaine},
	title = {Recommendation for the Triple Data Encryption Algorithm (TDEA) Block Cipher},
	institution = {National Institute of Standardization and Technology},
	month = jan,
	year = {2012},
	number={SP800-67},
	note = {\url{http://csrc.nist.gov/publications/nistpubs/800-67-Rev1/SP-800-67-Rev1.pdf}}
}

@techreport{NIST_800_57,
	author = {Elaine Barker},
	title = {Recommendation for Key Management, Part 1: General},
	institution = {National Institute of Standardization and Technology},
	month = jan,
	year = {2016},
	number = {NIST Special Publication 800-57 Part 1 Revision 4},
	note = {\url{http://dx.doi.org/10.6028/NIST.SP.800-57pt1r4}}
}

@techreport{NIST_DES99,
	author = {National Institute of Standardization and Technology},
	title = {DATA ENCRYPTION STANDARD},
	institution = {National Institute of Standardization and Technology},
	month = oct,
	year = {1999},
	number = {FIPS PUB 46-3},
	note = {\url{http://csrc.nist.gov/publications/fips/archive/fips46-3/fips46-3.pdf}}
}

@techreport{NIST_AES01,
	author = {National Institute of Standardization and Technology},
	title = {Specification for the ADVANCED ENCRYPTION STANDARD (AES)},
	institution = {National Institute of Standardization and Technology},
	month = nov,
	year = {2001},
	number={FIPS PUB 197},
	note = {\url{http://csrc.nist.gov/publications/fips/fips197/fips-197.pdf}}
}

@techreport{NIST_CCM07,
	author = {Dworkin, Morris},
	title = {Recommendation for Block Cipher Modes of Operation: The CCM Mode for Authentication and Confidentiality},
	institution = {National Institute of Standardization and Technology},
	month = jul,
	year = {2007},
	number={SP800-38C},
	note = {\url{http://csrc.nist.gov/publications/nistpubs/800-38C/SP800-38C_updated-July20_2007.pdf}}
}

@techreport{NIST_GCM05,
	author = {McGrew, David A and Viega, John},
	title = {The Galois/Counter Mode of Operation},
	institution = {National Institute of Standardization and Technology},
	month = may,
	year = {2005},
	note = {\url{http://csrc.nist.gov/groups/ST/toolkit/BCM/documents/proposedmodes/gcm/gcm-revised-spec.pdf}}
}

@techreport{NIST_SHA95,
	author = {National Institute of Standardization and Technology},
	title = {Secure Hash Standard (SHS)},
	institution = {National Institute of Standardization and Technology},
	month = mar,
	year = {2012},
	number={FIPS PUB 180-4},
	note = {\url{http://csrc.nist.gov/publications/fips/fips180-4/fips-180-4.pdf}}
}

@misc{Blaze1996,
	author = {Matt Blaze and Whitefield Diffie and Ronald L. Rivest and Bruce Schneier and Tsutomu Shimomura and Eric Thompson and Michael Wiener},
	title = {MINIMAL KEY LENGTHS FOR SYMMETRIC CIPHERS TO PROVIDE ADEQUATE COMMERCIAL SECURITY},
	month = jan,
	year = 1996,
	howpublished = "\url{http://www.fortify.net/related/cryptographers.html}"
}

@misc{Ewing1996,
	author = {Larry Ewing},
	title = {Tux der Pinguin, erstellt mit "the GIMP"},
	year = 1996,
	howpublished = "\url{lewing@isc.tamu.edu}"
}

@misc{Thoma2013,
	author = {Martin Thoma},
	year = 2013,
	howpublished = "\url{https://github.com/MartinThoma/LaTeX-examples/}"
}

@misc{Klink2011,
	author = {Alexander Klink and Julian Wälde},
	title = {Efficient Denial of Service Attacks on Web Application Platforms},
	year = {2011},
	url = {http://events.ccc.de/congress/2011/Fahrplan/events/4680.en.html},
	note = {Aufzeichnung online verfügbar: \url{https://events.ccc.de/congress/2011/wiki/Documentation}}
}

@misc{Wundram2011,
	author={Martin Wundram},
	title={Antiforensik},
	year={2011},
	howpublished={\url{http://events.ccc.de/congress/2011/Fahrplan/events/4828.en.html}},
	note={Aufzeichnung online verfügbar: \url{http://events.ccc.de/congress/2011/wiki/Documentation}}
}

misc{NIST_BlockModes,
	author={National Institute of Standards and Technology, Computer Security Resource Center},
	title={Modes Development},
	howpublished={\url{http://csrc.nist.gov/groups/ST/toolkit/BCM/modes_development.html}}
}

@misc{Kamkar2005,
	author={Samy Kamkar},
	title={I'm Popular},
	year={2005},
	howpublished={\url{http://namb.la/popular/}}
}

@misc{Sophos,
	author={Sophos Ltd.},
	title={Detailed Analysis of JS/Spacehero-A},
	howpublished={\url{http://www.sophos.com/en-us/threat-center/threat-analyses/viruses-and-spyware/JS~Spacehero-A/detailed-analysis.aspx}}
}

@misc{Stevens2017,
    author = {Marc Stevens and Elie Bursztein and Pierre Karpman and Ange Albertini and Yarik Markov},
    title = {The first collision for full SHA-1},
    howpublished = {Cryptology ePrint Archive, Report 2017/190},
    year = {2017},
    note = {\url{http://eprint.iacr.org/2017/190}},
}

@booklet{Geiselmann2016,
        author={Willi Geiselmann and Daniel Kraschewski},
        title={Symmetrische Verschlüsselungsverfahren},
        year={2016},
        howpublished={Vorlesungsskript}
}

@phdthesis{Stevens2012,
  author       = {Marc Stevens}, 
  title        = {Attacks on Hash Functions and Applications},
  school       = {Universiteit Leiden},
  year         = 2012,
  month        = 6,
}

@inproceedings{Adrian2015,
 author = {Adrian, David and Bhargavan, Karthikeyan and Durumeric, Zakir
                  and Gaudry, Pierrick and Green, Matthew and Halderman,
                  J. Alex and Heninger, Nadia and Springall, Drew and
                  Thom{\'e}, Emmanuel and Valenta, Luke and VanderSloot,
                  Benjamin and Wustrow, Eric and Zanella-B{\'e}guelin,
                  Santiago and Zimmermann, Paul}, 
 title = {Imperfect Forward Secrecy: How Diffie-Hellman Fails in Practice},
 booktitle = {Proceedings of the 22Nd ACM SIGSAC Conference on Computer and Communications Security},
 series = {CCS '15},
 year = {2015},
 isbn = {978-1-4503-3832-5},
 location = {Denver, Colorado, USA},
 pages = {5--17},
 numpages = {13},
 url = {http://doi.acm.org/10.1145/2810103.2813707},
 doi = {10.1145/2810103.2813707},
 acmid = {2813707},
 publisher = {ACM},
 address = {New York, NY, USA},
 keywords = {Diffie-Hellman, internet measurement, logjam, number field sieve, vulnerabilities},
} 

@misc{Mol2010,
  author = {Petros Mol},
  title = {Leakage-Resilient Cryptography: A Survey of Recent Advances},
  howpublished = {Research Exam},
  year = {2010},
  school = {UC San Diego}
}

@INPROCEEDINGS{Halderman08,
    author = {J. Alex Halderman and Seth D. Schoen and Nadia Heninger and William Clarkson and William Paul and Joseph A. Cal and Ariel J. Feldman and Edward W. Felten},
    title = {Lest we remember: Cold boot attacks on encryption keys},
    booktitle = {In USENIX Security Symposium},
    year = {2008}
}

